<?xml version="1.0" encoding="UTF-8"?><collection xmlns="http://www.loc.gov/MARC21/slim"><record><leader>00377nam--2200133-i-4500</leader><controlfield tag="001">000029114</controlfield><controlfield tag="002">20161230</controlfield><controlfield tag="005">20161230201037</controlfield><controlfield tag="008">060222s1000------------r-----000-0-eng-d</controlfield><datafield ind1=" " ind2=" " tag="080"><subfield code="a">800.7:802.0</subfield></datafield><datafield ind1=" " ind2=" " tag="100"><subfield code="a">Levitchi, Leon D</subfield></datafield><datafield ind1=" " ind2=" " tag="245"><subfield code="a">Indrumar pentru traducatorii din limba engleza in limba romana</subfield></datafield><datafield ind1=" " ind2=" " tag="260"><subfield code="a">Bucuresti, Ed.Stiint.Si Enciclopedica, 1975, 283p</subfield></datafield><datafield ind1=" " ind2=" " tag="852"><subfield code="a">42786</subfield></datafield></record></collection>